
@article{FL_NMPDE,
  author  = {S.Franz AND T. Linß},
	title   = {},
	journal = {NMPDE},
	year    = 2008,
	volume  = {24(1)},
	pages   = {144-164},
	}


@article{L_NMPDE,
  author  = {T.Linß},
	title   = {},
	journal = {NMPDE},
	year    = 2000,
	volume  = {16(5)},
	pages   = {426-440},
	}

@article{FM_ANM,
  author  = {S. Franz AND G. Matthies}, 
	title   = {},
	journal = {Applies Numerical Mathemetics},
	year    = 2011,
	volume  = {61},
	pages   = {723 - 737},
	}

@article{DPL_IMAJNA,
  author  = {Duran, Lombardi, Prieto}, 
	title   = {},
	journal = {IMAJNA},
	year    = 2012,
	volume  = {32(2)},
	pages   = {511-533},
	}
@article{BH_NM,
  author  = {Bramble, Hilbert}, 
	title   = {},
	journal = {Numerical Mathematics},
	year    = 1971,
	volume  = {16},
	pages   = {362-369},
	}


@article{ST_SINUM,
  author  = {M. Stynes AND L. Tobiska},
	title   = {},
	journal = {SINUM},
	year    = 2003,
	volume  = {41(5)},
	pages   = {1620-1642},
	}

@article{KT_IMA,
  author  = {P. Knobloch AND L. Tobiska},
	title   = {},
	journal = {IMA Journal Num. Analysis},
	year    = 2011,
	volume  = 31,
	pages   ={147 - 164}, 
  }

@article{KS_JDE,
  author  = {Kellog AND Stynes},
	title   = {},
	journal = {Journal Differential Equations},
	year    = 2005,
	volume  = 213,
	pages   ={81- 120}, 
  }

@article{CX_CM,
  author  = {Chen AND Xu},
	title   = {},
	journal = {Contemp. Math.},
	year    = 2005,
	volume  = 383,
	pages   = {191 - 201}, 
  }

@article{KT_MC,
  author  = {Kellog AND Tsan},
	title   = {},
	journal = {Mathematic Comp.},
	year    = 1978,
	volume  = {32},
	pages   = {1025 - 1039},
  }


@article{OS_MC,
  author  = {O'Riordan AND Stynes},
	title   = {},
	journal = {Mathematic Comp.},
	year    = 1991,
	volume  = {57(195)},
  }


@article{CX_NM,
  author  = {Chen AND Xu},
	title   = {},
	journal = {Numerical Mathemetics},
	year    = 2008,
	volume  = 109,
	pages   = {167 - 191}, 
  }


@article{LS_JMAA,
  author  = {T. Linß AND P. Stynes},
	title   = {},
	journal = {J. Math. Anal. Appl.},
	year    = 2001,
	volume  = 261,
	pages   ={604 - 632}, 
  }
@article{KS_AML,
  author  = {Kellog AND Stynes},
	title   = {},
	journal = {Applied Mathematics Letter},
	year    = 2007,
	volume  = 20,
	pages   ={539-544}, 
  }

@article{DR_ZAA,
  author  = {Dobrolowski AND Roos},
	title   = {},
	journal = {Zeitschrift für Analysis und Anwendungen },
	year    = 1997,
	volume  = 16,
	pages   ={1001 - 1012}, 
  }

@book{L_BOOK,
  title={Layer-adapted meshes for reaction-convection-diffusion problems},
  author={Lin{\ss}, Torsten},
  year={2009},
  publisher={Springer}
}


@BOOK{bibel,
  title={Robust numerical methods for singularly perturbed differential equations: convection-diffusion-reaction and flow problems},
  author={Roos, Hans-G and Stynes, Martin and Tobiska, Lutz},
  volume={24},
  year={2008},
  publisher={Springer Science \& Business Media}
}

@book{A_BOOK,
  title={Anisotropic finite elements: local estimates and applications},
  author={Apel, Thomas},
  volume={3},
  year={1999},
  publisher = {Teubner Verlag}
}


}

